<?xml version="1.0" encoding="UTF-8"?><collection xmlns="http://www.loc.gov/MARC21/slim"><record><leader>00377nam--2200145-i-4500</leader><controlfield tag="001">000013370</controlfield><controlfield tag="002">20161230</controlfield><controlfield tag="005">20161230201030</controlfield><controlfield tag="008">060222s1000------------r-----000-0-eng-d</controlfield><datafield ind1=" " ind2=" " tag="080"><subfield code="a">512.6(081)</subfield></datafield><datafield ind1=" " ind2=" " tag="100"><subfield code="a">Bucur, Ionel</subfield></datafield><datafield ind1=" " ind2=" " tag="245"><subfield code="a">Capitole speciale de algebra</subfield></datafield><datafield ind1=" " ind2=" " tag="260"><subfield code="a">Bucuresti, Editura Academiei Rsr, 1980. 333 P</subfield></datafield><datafield ind1=" " ind2=" " tag="852"><subfield code="a">48610</subfield><subfield code="c">512</subfield></datafield><datafield ind1=" " ind2=" " tag="CAT"><subfield code="a">Sys</subfield><subfield code="c">20080514</subfield><subfield code="h">143219</subfield></datafield></record></collection>